<?xml version="1.0" encoding="UTF-8"?><collection xmlns="http://www.loc.gov/MARC21/slim"><record><leader>00433nam--2200133-i-4500</leader><controlfield tag="001">000029274</controlfield><controlfield tag="002">20161230</controlfield><controlfield tag="005">20161230201037</controlfield><controlfield tag="008">060222s1000------------r-----000-0-eng-d</controlfield><datafield ind1=" " ind2=" " tag="080"><subfield code="a">681.3.072.1:539.1.073.3(047.3)</subfield></datafield><datafield ind1=" " ind2=" " tag="100"><subfield code="a">Kunz, Andre</subfield></datafield><datafield ind1=" " ind2=" " tag="245"><subfield code="a">Systeme d`acuisition de donnees a memoires dynamiques mos pour la mesure des cliches de chambres a traces.these</subfield></datafield><datafield ind1=" " ind2=" " tag="260"><subfield code="a">Lausanne, Faculte Des Sciences, 1978. 133p</subfield></datafield><datafield ind1=" " ind2=" " tag="852"><subfield code="a">49586</subfield></datafield></record></collection>